[gd_scene load_steps=11 format=2]

[ext_resource path="res://game_work/work_camera_zone_system.gd" type="Script" id=1]
[ext_resource path="res://game_work/work_tiles.tscn" type="PackedScene" id=2]
[ext_resource path="res://game/entities/player.tscn" type="PackedScene" id=3]
[ext_resource path="res://game/entities/camera.tscn" type="PackedScene" id=4]
[ext_resource path="res://gs_ecs/group.gd" type="Script" id=5]
[ext_resource path="res://game/debug/systems/debug_system.tscn" type="PackedScene" id=6]
[ext_resource path="res://game/debug/nodes/debug_camera_node.tscn" type="PackedScene" id=7]
[ext_resource path="res://game/systems/camera_zone_system.tscn" type="PackedScene" id=8]
[ext_resource path="res://game/systems/movement_system.tscn" type="PackedScene" id=9]
[ext_resource path="res://game/systems/grid_snap_system.tscn" type="PackedScene" id=10]

[node name="WorkCameraZoneSystem" type="Node"]
script = ExtResource( 1 )

[node name="WorkTiles" parent="." instance=ExtResource( 2 )]

[node name="Player" parent="." instance=ExtResource( 3 )]
position = Vector2( 465.262, 204.21 )

[node name="Camera" parent="." instance=ExtResource( 4 )]

[node name="Node" type="Node" parent="."]

[node name="Systems" type="Node" parent="."]
script = ExtResource( 5 )

[node name="DebugSystem" parent="Systems" instance=ExtResource( 6 )]
COMPONENTS = "debug, camera"
DEBUG_NODE_SCENE = ExtResource( 7 )

[node name="PhysicsSystems" type="Node" parent="."]
script = ExtResource( 5 )

[node name="CameraZoneSystem" parent="PhysicsSystems" instance=ExtResource( 8 )]

[node name="MovementSystem" parent="PhysicsSystems" instance=ExtResource( 9 )]

[node name="GridSnapSystem" parent="PhysicsSystems" instance=ExtResource( 10 )]
